% Encoding: UTF-8

@online{DigitalDecade2030,
  author  = {{Federal Public Service Economy}},
  title   = {Computervaardigheden van personen},
  date    = {2023-12-04},
  url     = {https://economie.fgov.be/nl/themas/online/ict-belgie/barometer-van-de/digital-decade-2030},
  urldate = {2023-12-12}
}

@online{FederalPublicServiceEconomyKloof,
  author  = {{Federal Public Service Economy}},
  title   = {Computervaardigheden van personen},
  date    = {2021},
  url     = {https://economie.fgov.be/nl/themas/online/ict-belgie/barometer-van-de/digitale-vaardigheden-en-jobs/computervaardigheden-van},
  urldate = {2023-08-17}
}

@techreport{NBERw27422,
  title       = {What Jobs are Being Done at Home During the Covid-19 Crisis? Evidence from Firm-Level Surveys},
  author      = {Bartik, Alexander W and Cullen, Zoe B and Glaeser, Edward L and Luca, Michael and Stanton, Christopher T},
  institution = {National Bureau of Economic Research},
  type        = {Working Paper},
  series      = {Working Paper Series},
  number      = {27422},
  year        = {2020},
  month       = {06},
  doi         = {10.3386/w27422},
  url         = {http://www.nber.org/papers/w27422}
}

Article{SabiEtAl2016,
  author       = {Sabi, Humphrey M. and Uzoka, Faith-Michael E. and Langmia, Kehbuma and Njeh, Felix M.},
  title        = {Conceptualizing a model for adoption of cloud computing in education},
  journaltitle = {International Journal of Information Management},
  year         = {2016},
  volume       = {36},
  number       = {2},
  pages        = {183--191},
  doi          = {10.1016/j.ijinfomgt.2015.11.010},
  url          = {http://www.sciencedirect.com/science/article/pii/S0268401215001115},
}

Online{LewisFowler2014,
  author    = {Lewis, James and Fowler, Martin},
  title     = {Microservices: a definition of this new architectural term},
  date      = {2014-03-25},
  url       = {http://martinfowler.com/articles/microservices.html},
  urldate   = {2016-09-01},
}

Online{Hykes2013,
  author    = {Solomon Hykes},
  title     = {The future of Linux Containers (PyCon 2013)},
  date      = {2013-03-21},
  url       = {https://www.youtube.com/watch?v=wW9CAH9nSLs},
  urldate   = {2016-09-01},
}

@Comment{jabref-meta: databaseType:biblatex;}
